<?xml version="1.0" encoding="UTF-8"?><collection xmlns="http://www.loc.gov/MARC21/slim"><record><leader>00506nam--2200181-i-4500</leader><controlfield tag="001">000010192</controlfield><controlfield tag="002">20161230</controlfield><controlfield tag="005">20161230201028</controlfield><controlfield tag="008">060222s1000------------r-----000-0-eng-d</controlfield><datafield ind1=" " ind2=" " tag="040"><subfield code="a">IFIN-HH</subfield></datafield><datafield ind1=" " ind2=" " tag="080"><subfield code="a">53</subfield></datafield><datafield ind1="1" ind2=" " tag="100"><subfield code="a">Ballif, Jae R.And Dibble, William E</subfield></datafield><datafield ind1="1" ind2="0" tag="245"><subfield code="a">Physics: fundamentals and frontiers</subfield><subfield code="c">Jae r. ballif, william e. dibble</subfield></datafield><datafield ind1=" " ind2=" " tag="260"><subfield code="a">New York</subfield><subfield code="b">John Wiley &amp; Sons, Inc</subfield><subfield code="c">1972</subfield></datafield><datafield ind1=" " ind2=" " tag="300"><subfield code="a">V+410P</subfield></datafield><datafield ind1="1" ind2=" " tag="700"><subfield code="a">Dibble, William E</subfield></datafield><datafield ind1=" " ind2=" " tag="852"><subfield code="a">37039</subfield><subfield code="c">53</subfield></datafield><datafield ind1=" " ind2=" " tag="CAT"><subfield code="a">Sys</subfield><subfield code="c">20150316</subfield><subfield code="h">092545</subfield></datafield></record></collection>